@article{Nilsen2005,
author = {Nilsen, J. K. and Mur-Petit, J. and Guilleumas, M. and Hjorth-Jensen, M. and Polls, A.},
doi = {10.1103/PhysRevA.71.053610},
file = {:home/gunnar/.local/share/data/Mendeley Ltd./Mendeley Desktop/Downloaded/Nilsen et al. - 2005 - Vortices in atomic Bose-Einstein condensates in the large-gas-parameter region.pdf:pdf},
issn = {1050-2947},
journal = {Physical Review A},
month = {may},
number = {5},
pages = {053610},
publisher = {American Physical Society},
title = {{Vortices in atomic Bose-Einstein condensates in the large-gas-parameter region}},
url = {https://link.aps.org/doi/10.1103/PhysRevA.71.053610},
volume = {71},
year = {2005}
}
@article{DuBois2001,
author = {DuBois, J. L. and Glyde, H. R.},
doi = {10.1103/PhysRevA.63.023602},
issn = {1050-2947},
journal = {Physical Review A},
month = {jan},
number = {2},
pages = {023602},
publisher = {American Physical Society},
title = {{Bose-Einstein condensation in trapped bosons: A variational Monte Carlo analysis}},
url = {https://link.aps.org/doi/10.1103/PhysRevA.63.023602},
volume = {63},
year = {2001}
}
@article{doi:10.1093/imanum/8.1.141,
author = {Barzilai, Jonathan and Borwein, Jonathan M},
doi = {10.1093/imanum/8.1.141},
journal = {IMA Journal of Numerical Analysis},
number = {1},
pages = {141--148},
title = {{Two-Point Step Size Gradient Methods}},
url = {http://dx.doi.org/10.1093/imanum/8.1.141},
volume = {8},
year = {1988}
}
@book{Jonsson2018,
author = {Jonsson, Marius},
title = {{LECTURE NOTES FOR BLOCKING METHOD}},
year = {2018}
}
@book{Hjorth-Jensen2015,
address = {Oslo},
author = {Hjorth-Jensen, Morten},
title = {{Computational Physics}},
year = {2015}
}
@book{Griffiths2004,
author = {Griffiths, David},
edition = {2},
title = {{Introduction to Quantum Mechanics}},
year = {2004}
}
